<?xml version="1.0" encoding="UTF-8"?><record xmlns="http://www.loc.gov/MARC21/slim" xmlns:cinclude="http://apache.org/cocoon/include/1.0" xmlns:zs="http://www.loc.gov/zing/srw/">
  <leader>01080nz  a2200181n  4500</leader>
  <controlfield tag="001">no2008076733</controlfield>
  <controlfield tag="003">DLC</controlfield>
  <controlfield tag="005">20080524075355.0</controlfield>
  <controlfield tag="008">080522n| acannaabn          |a aaa     c</controlfield>
  <datafield tag="010" ind1=" " ind2=" ">
    <subfield code="a">no2008076733</subfield>
  </datafield>
  <datafield tag="035" ind1=" " ind2=" ">
    <subfield code="a">(OCoLC)oca07775778</subfield>
  </datafield>
  <datafield tag="040" ind1=" " ind2=" ">
    <subfield code="a">NmU</subfield>
    <subfield code="b">eng</subfield>
    <subfield code="c">NmU</subfield>
  </datafield>
  <datafield tag="100" ind1="1" ind2=" ">
    <subfield code="a">Loudon, Archibald,</subfield>
    <subfield code="d">1754-1840.</subfield>
    <subfield code="t">Selection of some of the most interesting narratives of outrages committed by the Indians in their wars with the white people</subfield>
  </datafield>
  <datafield tag="400" ind1="1" ind2=" ">
    <subfield code="a">Loudon, Archibald,</subfield>
    <subfield code="d">1754-1840.</subfield>
    <subfield code="t">Loudon's Indian narratives</subfield>
  </datafield>
  <datafield tag="400" ind1="1" ind2=" ">
    <subfield code="a">Loudon, Archibald,</subfield>
    <subfield code="d">1754-1840.</subfield>
    <subfield code="t">Indian narratives</subfield>
  </datafield>
  <datafield tag="400" ind1="1" ind2=" ">
    <subfield code="a">Loudon, Archibald,</subfield>
    <subfield code="d">1754-1840.</subfield>
    <subfield code="t">Selection of narratives of outrages committed by the Indians in their wars with the white people</subfield>
  </datafield>
  <datafield tag="670" ind1=" " ind2=" ">
    <subfield code="a">Loudon's Indian narratives, 1996:</subfield>
    <subfield code="b">facsim. t.p. (Selection of some of the most interesting narratives of outrages committed by the Indians in their wars with the white people) facsim. pref. (Indian narratives)</subfield>
  </datafield>
  <datafield tag="670" ind1=" " ind2=" ">
    <subfield code="a">LC database, May 22, 2008</subfield>
    <subfield code="b">(usage: A selection of narratives of outrages committed by the Indians in their wars with the white people)</subfield>
  </datafield>
</record>